@article{Das:2012:MIG:2297456.2297458,
   author = {Das, Sanmay and Magdon-Ismail, Malik},
   title = {A Model for Information Growth in Collective Wisdom Processes},
   journal = {ACM Trans. Knowl. Discov. Data},
   issue_date = {July 2012},
   volume = {6},
   number = {2},
   month = jul,
   year = {2012},
   issn = {1556-4681},
   pages = {6:1--6:10},
   articleno = {6},
   numpages = {10},
   url = {http://doi.acm.org/10.1145/2297456.2297458},
   doi = {10.1145/2297456.2297458},
   acmid = {2297458},
   publisher = {ACM},
   address = {New York, NY, USA},
   keywords = {Collective intelligence, dynamical systems, social networks},
}
@article{Spinellis:2008:COK:1378704.1378720,
 author = {Spinellis, Diomidis and Louridas, Panagiotis},
 title = {The Collaborative Organization of Knowledge},
 journal = {Commun. ACM},
 issue_date = {August 2008},
 volume = {51},
 number = {8},
 month = aug,
 year = {2008},
 issn = {0001-0782},
 pages = {68--73},
 numpages = {6},
 url = {http://doi.acm.org/10.1145/1378704.1378720},
 doi = {10.1145/1378704.1378720},
 acmid = {1378720},
 publisher = {ACM},
 address = {New York, NY, USA},
}

@inproceedings{Lee:2014:CIE:2598153.2600040,
 author = {Lee, Kyungho},
 title = {How Collective Intelligence Emerges: Knowledge Creation Process in Wikipedia from Microscopic Viewpoint},
 booktitle = {Proceedings of the 2014 International Working Conference on Advanced Visual Interfaces},
 series = {AVI '14},
 year = {2014},
 isbn = {978-1-4503-2775-6},
 location = {Como, Italy},
 pages = {373--374},
 numpages = {2},
 url = {http://doi.acm.org/10.1145/2598153.2600040},
 doi = {10.1145/2598153.2600040},
 acmid = {2600040},
 publisher = {ACM},
 address = {New York, NY, USA},
 keywords = {collective intelligence, user-paragraph network, visaphor, wikipedia},
} 
@inproceedings{Wang:2015:KWM:2740908.2741739,
 author = {Wang, Kuansan},
 title = {The Knowledge Web Meets Big Scholars},
 booktitle = {Proceedings of the 24th International Conference on World Wide Web},
 series = {WWW '15 Companion},
 year = {2015},
 isbn = {978-1-4503-3473-0},
 location = {Florence, Italy},
 pages = {577--578},
 numpages = {2},
 url = {http://dx.doi.org/10.1145/2740908.2741739},
 doi = {10.1145/2740908.2741739},
 acmid = {2741739},
 publisher = {International World Wide Web Conferences Steering Committee},
 address = {Republic and Canton of Geneva, Switzerland},
 keywords = {Microsoft academic services (mas), bing dialog model, knowledge extraction, knowledge graph, knowledge web, semantic web, web search},
}


